<record><leader>00000cas a22000007a 4500</leader><controlfield tag="001">34316364</controlfield><controlfield tag="008">960306d191219uuokuwr n       0    0eng d</controlfield><datafield ind1=" " ind2=" " tag="010"><subfield code="a">sn 96087562 </subfield></datafield><datafield ind1=" " ind2=" " tag="040"><subfield code="a">OBN</subfield><subfield code="b">eng</subfield><subfield code="c">OBN</subfield><subfield code="d">OCLCQ</subfield><subfield code="d">OCLCO</subfield><subfield code="d">OCLCF</subfield></datafield><datafield ind1=" " ind2=" " tag="043"><subfield code="a">n-us-ok</subfield></datafield><datafield ind1="0" ind2="4" tag="245"><subfield code="a">The Tulsa weekly democrat.</subfield></datafield><datafield ind1=" " ind2=" " tag="260"><subfield code="a">Tulsa, Okla. :</subfield><subfield code="b">Wm. Stryker</subfield></datafield><datafield ind1=" " ind2=" " tag="300"><subfield code="a">v.</subfield></datafield><datafield ind1=" " ind2=" " tag="310"><subfield code="a">Weekly</subfield></datafield><datafield ind1="1" ind2=" " tag="362"><subfield code="a">Began in 1912.</subfield></datafield><datafield ind1=" " ind2=" " tag="580"><subfield code="a">Daily eds.: Tulsa daily democrat, &lt;1912&gt;-1914; Tulsa democrat (Tulsa, Okla. : 1914-</subfield></datafield><datafield ind1=" " ind2=" " tag="588"><subfield code="a">Description based on: Vol. 18, no. 19 (May 16, 1912).</subfield></datafield><datafield ind1=" " ind2="0" tag="651"><subfield code="a">Tulsa (Okla.)</subfield><subfield code="v">Newspapers.</subfield></datafield><datafield ind1=" " ind2="0" tag="651"><subfield code="a">Tulsa County (Okla.)</subfield><subfield code="v">Newspapers.</subfield></datafield><datafield ind1=" " ind2="7" tag="655"><subfield code="a">Newspapers.</subfield><subfield code="2">fast</subfield><subfield code="0">(OCoLC)fst01423814</subfield></datafield><datafield ind1=" " ind2="7" tag="651"><subfield code="a">Oklahoma</subfield><subfield code="z">Tulsa.</subfield><subfield code="2">fast</subfield><subfield code="0">(OCoLC)fst01205469</subfield></datafield><datafield ind1=" " ind2="7" tag="651"><subfield code="a">Oklahoma</subfield><subfield code="z">Tulsa County.</subfield><subfield code="2">fast</subfield><subfield code="0">(OCoLC)fst01220997</subfield></datafield><datafield ind1=" " ind2=" " tag="752"><subfield code="a">United States</subfield><subfield code="b">Oklahoma</subfield><subfield code="c">Tulsa</subfield><subfield code="d">Tulsa.</subfield></datafield><datafield ind1="0" ind2=" " tag="775"><subfield code="t">Tulsa daily democrat</subfield><subfield code="w">(DLC)sn 96087563</subfield></datafield><datafield ind1="0" ind2=" " tag="775"><subfield code="t">Tulsa democrat (Tulsa, Okla. : 1914)</subfield><subfield code="w">(DLC)sn 83025119</subfield></datafield><datafield ind1="0" ind2="0" tag="780"><subfield code="t">Tulsa democrat (Tulsa, Okla. : Weeky ed.)</subfield><subfield code="w">(DLC)sn 96087561</subfield><subfield code="w">(OCoLC)34315799</subfield></datafield></record>